@manual{sample,
  author = {TU Dortmund},
  title = {Versuch zum Literaturverzeichnis},
  year = 2014
}
@book{taschenbuch_physik,
  author = {Horst Kuschling},
  title = {Taschenbuch der Physik},
  year = 1978,
  publisher = {Verlag Harri Deutsch}
}
@Misc{tool,
title = {The Engineering ToolBox},
note = {Eingesehen am 19.01.2020},
url={https://www.engineeringtoolbox.com/thermal-conductivity-d_429.html},
}
@website{x_ray_database,
title={NIST},
note={Eingesehen am 01.05.2020},
url={https://physics.nist.gov/PhysRefData/XrayTrans/Html/search.html},
}
@website{compton_wavelenght,
title={NIST},
note={Eingesehen am 04.05.2020},
url={https://physics.nist.gov/cgi-bin/cuu/Value?ecomwl},
}
@website{x_ray_absorption,
title={Skuld},
note={Eingesehen am 10.05.2020},
url={http://skuld.bmsc.washington.edu/scatter/AS_periodic.html}
}

@website{JLab,
title={JLab},
note={Eingesehen am 02.06.2020},
url={https://education.jlab.org/itselemental/}
}

@website{spez_elektroncharge,
title={NIST},
note={Eingesehen am 29.06.2020},
url={https://physics.nist.gov/cgi-bin/cuu/Value?esme},
}

@website{mag_DO,
title={GFZ},
note={Eingesehen am 29.06.2020},
url={http://isdc.gfz-potsdam.de/igrf-declination-calculator/},
}



