
@manual{V406, 
    author = "TU Dortmund",
    title = "Versuchsanleitung zu Versuch Nr. 406 Beugung am Spalt",
    year = 2020,
}

